@book{1,
  title={Interrupciones},
  author={C, Enrique},
  year={2016},
  url={https://aprendiendoarduino.wordpress.com/2016/11/13/interrupciones/}
}

@book{2,
  title={Energía y potencia},
  author={P, Guillermo},
  year={2018},
  publisher={Universidad de Antioquia},
  url={https://www.youtube.com/watch?v=v24Y-JpA3SY&t=1466s}
}

@book{3,
  title={Interrupción},
  author={Wikipedia},
  year={2019},
  publisher={Wikipedia},
  url={https://es.wikipedia.org/wiki/Interrupción}
}

@book{4,
  title={Manual de programación en ensamblador 8086},
  author={S, Santiago},
  url={http://index-of.co.uk/Winasm-studio-tutorial/manual2-8086.pdf},
}
@book{5,
  title={Interrupciones},
  publisher={UCV},
  url={http://www.ciens.ucv.ve:8080/genasig/sites/organizacion-del-comp-II/archivos/Interrupciones.pdf},
}